@article{Wardlaw2005,
    author = {William P. Wardlaw},
    title = {Row Rank Equals Column Rank},
    journal = {Mathematics Magazine},
    volume = {78},
    number = {4},
    pages = {316-318},
    year  = {2005},
    publisher = {Taylor & Francis},
    doi = {10.1080/0025570X.2005.11953349},
    URL = {https://doi.org/10.1080/0025570X.2005.11953349},
    eprint = {https://doi.org/10.1080/0025570X.2005.11953349},
    }

@article{doi:10.4169/college.math.j.48.5.366,
    author = {Pietro Paparella},
    title = {A Short and Elementary Proof of the Two-Sidedness of the Matrix Inverse},
    journal = {The College Mathematics Journal},
    volume = {48},
    number = {5},
    pages = {366-367},
    year  = {2017},
    publisher = {Taylor & Francis},
    doi = {10.4169/college.math.j.48.5.366},
    URL = {https://doi.org/10.4169/college.math.j.48.5.366},
    eprint = {https://doi.org/10.4169/college.math.j.48.5.366},
}

@article{Liebeck1966,
    author = {Liebeck H.},
    title = {A proof of the equality of column and row rank of a matrix},
    journal = {Amer. Math. Monthly},
    volume = {73},
    pages = {1114},
    year = {1966},
    }

@book{DancsPuskas2001,
    author = {Istv\'an Dancs and Csaba Pusk\'as},
    title = {Vektorterek},
    publisher = {Aula kiad√≥ 2001, Budapest, ISBN:963 9345 53 9, BCE Catalogue: bcek.379187.},
    year  = {2001},
    }

@book{MR1415833,
    AUTHOR = {Ebbinghaus, H.-D. and Hermes, H. and Hirzebruch, F. and
              Koecher, M. and Mainzer, K. and Neukirch, J. and Prestel, A.
              and Remmert, R.},
     TITLE = {Numbers},
    SERIES = {Graduate Texts in Mathematics},
    VOLUME = {123},
      NOTE = {With an introduction by K. Lamotke,
              Translated from the second 1988 German edition by H. L. S.
              Orde,
              Translation edited and with a preface by J. H. Ewing,
              Readings in Mathematics},
 PUBLISHER = {Springer-Verlag, New York},
      YEAR = {1991},
     PAGES = {xviii+395},
      ISBN = {0-387-97497-0},
   MRCLASS = {00A05 (01A65 11-00 11-03)},
  MRNUMBER = {1415833},
       DOI = {10.1007/978-1-4612-1005-4},
       URL = {http://dx.doi.org/10.1007/978-1-4612-1005-4},
}

@article{10.2307/3647746,
 ISSN = {00029890, 19300972},
 URL = {http://www.jstor.org/stable/3647746},
 author = {Harm Derksen},
 journal = {The American Mathematical Monthly},
 number = {7},
 pages = {620-623},
 publisher = {Mathematical Association of America},
 title = {The Fundamental Theorem of Algebra and Linear Algebra},
 volume = {110},
 year = {2003},
}
